{
  "leader" : "03943nam a2200889uu 4500",
  "fields" : [ {
    "008" : "      1999    ilu    b            eng  "
  }, {
    "010" : {
      "subfields" : [ {
        "a" : "2019493854"
      } ],
      "ind1" : " ",
      "ind2" : " "
    }
  }, {
    "010" : {
      "subfields" : [ {
        "z" : "88888888"
      } ],
      "ind1" : " ",
      "ind2" : " "
    }
  }, {
    "019" : {
      "subfields" : [ {
        "a" : "19861509"
      } ],
      "ind1" : " ",
      "ind2" : " "
    }
  }, {
    "019" : {
      "subfields" : [ {
        "z" : "09151986"
      } ],
      "ind1" : " ",
      "ind2" : " "
    }
  }, {
    "020" : {
      "subfields" : [ {
        "a" : "9780143789963"
      }, {
        "q" : "(paperback)"
      } ],
      "ind1" : " ",
      "ind2" : " "
    }
  }, {
    "020" : {
      "subfields" : [ {
        "q" : "(paperback)"
      }, {
        "z" : "9999999"
      } ],
      "ind1" : " ",
      "ind2" : " "
    }
  }, {
    "024" : {
      "subfields" : [ {
        "a" : "111222"
      }, {
        "q" : "eanIdQal"
      } ],
      "ind1" : "3",
      "ind2" : " "
    }
  }, {
    "024" : {
      "subfields" : [ {
        "q" : "eanIdQal"
      }, {
        "z" : "333"
      } ],
      "ind1" : "3",
      "ind2" : " "
    }
  }, {
    "024" : {
      "subfields" : [ {
        "a" : "20232023"
      }, {
        "q" : "otherIdQal"
      } ],
      "ind1" : " ",
      "ind2" : " "
    }
  }, {
    "024" : {
      "subfields" : [ {
        "q" : "otherIdQal"
      }, {
        "z" : "231123"
      } ],
      "ind1" : " ",
      "ind2" : " "
    }
  }, {
    "082" : {
      "subfields" : [ {
        "a" : "Dewey Decimal Classification value"
      } ],
      "ind1" : " ",
      "ind2" : " "
    }
  }, {
    "100" : {
      "subfields" : [ {
        "0" : "CREATOR PERSON LCNAF id"
      }, {
        "a" : "CREATOR PERSON name"
      } ],
      "ind1" : " ",
      "ind2" : " "
    }
  }, {
    "100" : {
      "subfields" : [ {
        "0" : "CREATOR FAMILY LCNAF id"
      }, {
        "a" : "CREATOR FAMILY name"
      } ],
      "ind1" : "3",
      "ind2" : " "
    }
  }, {
    "110" : {
      "subfields" : [ {
        "0" : "CREATOR ORGANIZATION LCNAF id"
      }, {
        "a" : "CREATOR ORGANIZATION name"
      } ],
      "ind1" : " ",
      "ind2" : " "
    }
  }, {
    "111" : {
      "subfields" : [ {
        "0" : "CREATOR MEETING LCNAF id"
      }, {
        "a" : "CREATOR MEETING name"
      } ],
      "ind1" : " ",
      "ind2" : " "
    }
  }, {
    "245" : {
      "subfields" : [ {
        "a" : "Instance MainTitle"
      }, {
        "b" : "Instance SubTitle"
      }, {
        "n" : "8"
      }, {
        "p" : "Instance PartName"
      } ],
      "ind1" : " ",
      "ind2" : "7"
    }
  }, {
    "245" : {
      "subfields" : [ {
        "a" : "Instance Title empty"
      } ],
      "ind1" : " ",
      "ind2" : " "
    }
  }, {
    "245" : {
      "subfields" : [ {
        "b" : "Instance Title empty label"
      } ],
      "ind1" : " ",
      "ind2" : " "
    }
  }, {
    "245" : {
      "subfields" : [ {
        "c" : "Statement Of Responsibility"
      } ],
      "ind1" : " ",
      "ind2" : " "
    }
  }, {
    "246" : {
      "subfields" : [ {
        "a" : "Parallel-MainTitle"
      }, {
        "b" : "Parallel-SubTitle"
      }, {
        "f" : "2023-01-01"
      }, {
        "i" : "Parallel-Note"
      }, {
        "n" : "6"
      }, {
        "p" : "Parallel-PartName"
      } ],
      "ind1" : " ",
      "ind2" : "1"
    }
  }, {
    "246" : {
      "subfields" : [ {
        "a" : "Variant-MainTitle"
      }, {
        "b" : "Variant-SubTitle"
      }, {
        "f" : "2023-02-02"
      }, {
        "i" : "Variant-Note"
      }, {
        "n" : "5"
      }, {
        "p" : "Variant-PartName"
      } ],
      "ind1" : " ",
      "ind2" : "9"
    }
  }, {
    "250" : {
      "subfields" : [ {
        "a" : "Edition Statement Edition statement2"
      } ],
      "ind1" : " ",
      "ind2" : " "
    }
  }, {
    "261" : {
      "subfields" : [ {
        "b" : "Manufacture Name"
      }, {
        "d" : "Manufacture Date"
      }, {
        "f" : "Manufacture Place"
      } ],
      "ind1" : " ",
      "ind2" : " "
    }
  }, {
    "262" : {
      "subfields" : [ {
        "a" : "Publication Place"
      }, {
        "b" : "Publication Name"
      }, {
        "c" : "Publication Date"
      } ],
      "ind1" : " ",
      "ind2" : " "
    }
  }, {
    "263" : {
      "subfields" : [ {
        "a" : "projectedProvisionDate"
      } ],
      "ind1" : " ",
      "ind2" : " "
    }
  }, {
    "264" : {
      "subfields" : [ {
        "a" : "Production Place"
      }, {
        "b" : "Production Name"
      }, {
        "c" : "Production Date"
      } ],
      "ind1" : " ",
      "ind2" : "0"
    }
  }, {
    "264" : {
      "subfields" : [ {
        "a" : "Publication Place"
      }, {
        "b" : "Publication Name"
      }, {
        "c" : "Publication Date"
      } ],
      "ind1" : " ",
      "ind2" : "1"
    }
  }, {
    "264" : {
      "subfields" : [ {
        "a" : "Distribution Place"
      }, {
        "b" : "Distribution Name"
      }, {
        "c" : "Distribution Date"
      } ],
      "ind1" : " ",
      "ind2" : "2"
    }
  }, {
    "264" : {
      "subfields" : [ {
        "a" : "Manufacture Place"
      }, {
        "b" : "Manufacture Name"
      }, {
        "c" : "Manufacture Date"
      } ],
      "ind1" : " ",
      "ind2" : "3"
    }
  }, {
    "264" : {
      "subfields" : [ {
        "c" : "2018"
      } ],
      "ind1" : " ",
      "ind2" : "4"
    }
  }, {
    "300" : {
      "subfields" : [ {
        "a" : "extent"
      }, {
        "c" : "dimensions"
      } ],
      "ind1" : " ",
      "ind2" : " "
    }
  }, {
    "300" : {
      "subfields" : [ {
        "a" : "extent, details"
      } ],
      "ind1" : " ",
      "ind2" : " "
    }
  }, {
    "310" : {
      "subfields" : [ {
        "a" : "frequency, date"
      } ],
      "ind1" : " ",
      "ind2" : " "
    }
  }, {
    "334" : {
      "subfields" : [ {
        "a" : "issuance"
      } ],
      "ind1" : " ",
      "ind2" : " "
    }
  }, {
    "336" : {
      "subfields" : [ {
        "2" : "CONTENT source"
      }, {
        "a" : "CONTENT term"
      }, {
        "b" : "CONTENT code"
      } ],
      "ind1" : " ",
      "ind2" : " "
    }
  }, {
    "337" : {
      "subfields" : [ {
        "2" : "MEDIA source"
      }, {
        "a" : "MEDIA term"
      }, {
        "b" : "MEDIA code"
      } ],
      "ind1" : " ",
      "ind2" : " "
    }
  }, {
    "338" : {
      "subfields" : [ {
        "2" : "CARRIER source"
      }, {
        "a" : "CARRIER term"
      }, {
        "b" : "CARRIER code"
      } ],
      "ind1" : " ",
      "ind2" : " "
    }
  }, {
    "362" : {
      "subfields" : [ {
        "a" : "dates, source"
      } ],
      "ind1" : " ",
      "ind2" : " "
    }
  }, {
    "500" : {
      "subfields" : [ {
        "a" : "general note"
      } ],
      "ind1" : " ",
      "ind2" : " "
    }
  }, {
    "501" : {
      "subfields" : [ {
        "a" : "with note"
      } ],
      "ind1" : " ",
      "ind2" : " "
    }
  }, {
    "505" : {
      "subfields" : [ {
        "a" : "work table of contents"
      } ],
      "ind1" : " ",
      "ind2" : " "
    }
  }, {
    "506" : {
      "subfields" : [ {
        "a" : "terms, jurisdiction, provisions, users, authorization, terminology, date, agency"
      } ],
      "ind1" : " ",
      "ind2" : " "
    }
  }, {
    "508" : {
      "subfields" : [ {
        "a" : "credits note"
      } ],
      "ind1" : " ",
      "ind2" : " "
    }
  }, {
    "511" : {
      "subfields" : [ {
        "a" : "participant note"
      } ],
      "ind1" : " ",
      "ind2" : " "
    }
  }, {
    "513" : {
      "subfields" : [ {
        "a" : "type, period"
      } ],
      "ind1" : " ",
      "ind2" : " "
    }
  }, {
    "515" : {
      "subfields" : [ {
        "a" : "issuance note"
      } ],
      "ind1" : " ",
      "ind2" : " "
    }
  }, {
    "516" : {
      "subfields" : [ {
        "a" : "computer data note"
      } ],
      "ind1" : " ",
      "ind2" : " "
    }
  }, {
    "520" : {
      "subfields" : [ {
        "a" : "work summary"
      } ],
      "ind1" : " ",
      "ind2" : " "
    }
  }, {
    "524" : {
      "subfields" : [ {
        "a" : "citation coverage note"
      } ],
      "ind1" : " ",
      "ind2" : " "
    }
  }, {
    "530" : {
      "subfields" : [ {
        "a" : "additional physical form note"
      } ],
      "ind1" : " ",
      "ind2" : " "
    }
  }, {
    "532" : {
      "subfields" : [ {
        "a" : "accessibility note"
      } ],
      "ind1" : " ",
      "ind2" : " "
    }
  }, {
    "533" : {
      "subfields" : [ {
        "a" : "type, place, agency, date, description, statement, note"
      } ],
      "ind1" : " ",
      "ind2" : " "
    }
  }, {
    "534" : {
      "subfields" : [ {
        "a" : "entry, statement, publication, description, series statement, key title, details, note, title"
      } ],
      "ind1" : " ",
      "ind2" : " "
    }
  }, {
    "535" : {
      "subfields" : [ {
        "a" : "custodian, postal address, country, address, code"
      } ],
      "ind1" : " ",
      "ind2" : " "
    }
  }, {
    "536" : {
      "subfields" : [ {
        "a" : "text, contact, grant, undifferentiated, program element, project, task, work unit"
      } ],
      "ind1" : " ",
      "ind2" : " "
    }
  }, {
    "538" : {
      "subfields" : [ {
        "a" : "note, text, uri"
      } ],
      "ind1" : " ",
      "ind2" : " "
    }
  }, {
    "542" : {
      "subfields" : [ {
        "a" : "creator, date, corporate creator, holder, information, statement, copyright date, renewal date, publication date, creation date, publisher, status, publication status, note, research date, country, agency, jurisdiction"
      } ],
      "ind1" : " ",
      "ind2" : " "
    }
  }, {
    "544" : {
      "subfields" : [ {
        "a" : "custodian, address, country, title, provenance, note"
      } ],
      "ind1" : " ",
      "ind2" : " "
    }
  }, {
    "547" : {
      "subfields" : [ {
        "a" : "former title note"
      } ],
      "ind1" : " ",
      "ind2" : " "
    }
  }, {
    "550" : {
      "subfields" : [ {
        "a" : "issuing body note"
      } ],
      "ind1" : " ",
      "ind2" : " "
    }
  }, {
    "552" : {
      "subfields" : [ {
        "a" : "label, definition, attribute label, source, value, domain definition, range, codeset, domain, units, date, accuracy, explanation, frequency, overview, citation, uri, note"
      } ],
      "ind1" : " ",
      "ind2" : " "
    }
  }, {
    "555" : {
      "subfields" : [ {
        "a" : "note, source, control, reference"
      } ],
      "ind1" : " ",
      "ind2" : " "
    }
  }, {
    "556" : {
      "subfields" : [ {
        "a" : "info about doc note"
      } ],
      "ind1" : " ",
      "ind2" : " "
    }
  }, {
    "585" : {
      "subfields" : [ {
        "a" : "exhibitions note"
      } ],
      "ind1" : " ",
      "ind2" : " "
    }
  }, {
    "588" : {
      "subfields" : [ {
        "a" : "description source note"
      } ],
      "ind1" : " ",
      "ind2" : " "
    }
  }, {
    "700" : {
      "subfields" : [ {
        "0" : "CONTRIBUTOR PERSON LCNAF id"
      }, {
        "a" : "CONTRIBUTOR PERSON name"
      } ],
      "ind1" : " ",
      "ind2" : " "
    }
  }, {
    "700" : {
      "subfields" : [ {
        "0" : "CONTRIBUTOR FAMILY LCNAF id"
      }, {
        "a" : "CONTRIBUTOR FAMILY name"
      } ],
      "ind1" : "3",
      "ind2" : " "
    }
  }, {
    "710" : {
      "subfields" : [ {
        "0" : "CONTRIBUTOR ORGANIZATION LCNAF id"
      }, {
        "a" : "CONTRIBUTOR ORGANIZATION name"
      } ],
      "ind1" : " ",
      "ind2" : " "
    }
  }, {
    "711" : {
      "subfields" : [ {
        "0" : "CONTRIBUTOR MEETING LCNAF id"
      }, {
        "a" : "CONTRIBUTOR MEETING name"
      } ],
      "ind1" : " ",
      "ind2" : " "
    }
  }, {
    "753" : {
      "subfields" : [ {
        "a" : "model, language, system"
      } ],
      "ind1" : " ",
      "ind2" : " "
    }
  }, {
    "856" : {
      "subfields" : [ {
        "u" : "access location URI"
      }, {
        "z" : "access location note"
      } ],
      "ind1" : " ",
      "ind2" : " "
    }
  } ]
}